<record><leader>00000cas a22000007a 4500</leader><controlfield tag="001">40120356</controlfield><controlfield tag="008">981016d197u1978sdusr ne      0    0eng d</controlfield><datafield ind1=" " ind2=" " tag="010"><subfield code="a">sn 98062816 </subfield></datafield><datafield ind1=" " ind2=" " tag="040"><subfield code="a">SXN</subfield><subfield code="b">eng</subfield><subfield code="c">SXN</subfield><subfield code="d">OCLCQ</subfield><subfield code="d">OCLCF</subfield><subfield code="d">OCLCO</subfield></datafield><datafield ind1="1" ind2=" " tag="029"><subfield code="a">AU@</subfield><subfield code="b">000014247781</subfield></datafield><datafield ind1=" " ind2=" " tag="042"><subfield code="a">msc</subfield></datafield><datafield ind1=" " ind2=" " tag="043"><subfield code="a">n-us-sd</subfield></datafield><datafield ind1="0" ind2="0" tag="245"><subfield code="a">Prairie sportsman.</subfield></datafield><datafield ind1=" " ind2=" " tag="260"><subfield code="a">Sioux Falls, S.D. :</subfield><subfield code="b">Midwest Media</subfield></datafield><datafield ind1=" " ind2=" " tag="300"><subfield code="a">v.</subfield></datafield><datafield ind1=" " ind2=" " tag="310"><subfield code="a">Semimonthly</subfield></datafield><datafield ind1="0" ind2=" " tag="362"><subfield code="a">-v. 2, no. 22 (July 31, 1978).</subfield></datafield><datafield ind1=" " ind2=" " tag="530"><subfield code="a">Available on microfilm from: State Archives, South Dakota State Historical Society.</subfield></datafield><datafield ind1=" " ind2=" " tag="588"><subfield code="a">Description based on: Vol. 1, no. 12 (Feb. 25, 1977).</subfield></datafield><datafield ind1=" " ind2="0" tag="650"><subfield code="a">Hunting</subfield><subfield code="z">North Dakota</subfield><subfield code="v">Newspapers.</subfield></datafield><datafield ind1=" " ind2="0" tag="650"><subfield code="a">Hunting</subfield><subfield code="z">South Dakota</subfield><subfield code="v">Newspapers.</subfield></datafield><datafield ind1=" " ind2="0" tag="650"><subfield code="a">Fishing</subfield><subfield code="z">North Dakota</subfield><subfield code="v">Newspapers.</subfield></datafield><datafield ind1=" " ind2="0" tag="650"><subfield code="a">Fishing</subfield><subfield code="z">South Dakota</subfield><subfield code="v">Newspapers.</subfield></datafield><datafield ind1=" " ind2="0" tag="650"><subfield code="a">Recreation</subfield><subfield code="z">North Dakota</subfield><subfield code="v">Newspapers.</subfield></datafield><datafield ind1=" " ind2="0" tag="650"><subfield code="a">Recreation</subfield><subfield code="z">South Dakota</subfield><subfield code="v">Newspapers.</subfield></datafield><datafield ind1=" " ind2="0" tag="650"><subfield code="a">Lakes</subfield><subfield code="z">North Dakota</subfield><subfield code="v">Newspapers.</subfield></datafield><datafield ind1=" " ind2="0" tag="650"><subfield code="a">Lakes</subfield><subfield code="z">South Dakota</subfield><subfield code="v">Newspapers.</subfield></datafield><datafield ind1=" " ind2="0" tag="650"><subfield code="a">Reservoirs</subfield><subfield code="z">North Dakota</subfield><subfield code="v">Newspapers.</subfield></datafield><datafield ind1=" " ind2="0" tag="650"><subfield code="a">Reservoirs</subfield><subfield code="z">South Dakota</subfield><subfield code="v">Newspapers.</subfield></datafield><datafield ind1=" " ind2="0" tag="651"><subfield code="a">Missouri River</subfield><subfield code="v">Newspapers.</subfield></datafield><datafield ind1=" " ind2="0" tag="651"><subfield code="a">Missouri River Valley</subfield><subfield code="v">Newspapers.</subfield></datafield><datafield ind1=" " ind2="0" tag="651"><subfield code="a">Sakakawea, Lake (N.D.)</subfield><subfield code="v">Newspapers.</subfield></datafield><datafield ind1=" " ind2="0" tag="651"><subfield code="a">Oahe, Lake (S.D. and N.D.)</subfield><subfield code="v">Newspapers.</subfield></datafield><datafield ind1=" " ind2="0" tag="651"><subfield code="a">Sharpe, Lake (S.D.)</subfield><subfield code="v">Newspapers.</subfield></datafield><datafield ind1=" " ind2="0" tag="651"><subfield code="a">Francis Case, Lake (S.D.)</subfield><subfield code="v">Newspapers.</subfield></datafield><datafield ind1=" " ind2="0" tag="651"><subfield code="a">Lewis and Clark Lake (Neb. and S.D.)</subfield><subfield code="v">Newspapers.</subfield></datafield><datafield ind1=" " ind2="0" tag="651"><subfield code="a">Sioux Falls (S.D.)</subfield><subfield code="v">Newspapers.</subfield></datafield><datafield ind1=" " ind2="0" tag="651"><subfield code="a">Minnehaha County (S.D.)</subfield><subfield code="v">Newspapers.</subfield></datafield><datafield ind1=" " ind2="7" tag="655"><subfield code="a">Newspapers.</subfield><subfield code="2">fast</subfield><subfield code="0">(OCoLC)fst01423814</subfield></datafield><datafield ind1=" " ind2="7" tag="650"><subfield code="a">Fishing.</subfield><subfield code="2">fast</subfield><subfield code="0">(OCoLC)fst00926650</subfield></datafield><datafield ind1=" " ind2="7" tag="650"><subfield code="a">Hunting.</subfield><subfield code="2">fast</subfield><subfield code="0">(OCoLC)fst00964162</subfield></datafield><datafield ind1=" " ind2="7" tag="650"><subfield code="a">Lakes.</subfield><subfield code="2">fast</subfield><subfield code="0">(OCoLC)fst00990901</subfield></datafield><datafield ind1=" " ind2="7" tag="650"><subfield code="a">Recreation.</subfield><subfield code="2">fast</subfield><subfield code="0">(OCoLC)fst01091713</subfield></datafield><datafield ind1=" " ind2="7" tag="650"><subfield code="a">Reservoirs.</subfield><subfield code="2">fast</subfield><subfield code="0">(OCoLC)fst01095478</subfield></datafield><datafield ind1=" " ind2="7" tag="651"><subfield code="a">Missouri River.</subfield><subfield code="2">fast</subfield><subfield code="0">(OCoLC)fst01240244</subfield></datafield><datafield ind1=" " ind2="7" tag="651"><subfield code="a">Missouri River Valley.</subfield><subfield code="2">fast</subfield><subfield code="0">(OCoLC)fst01274695</subfield></datafield><datafield ind1=" " ind2="7" tag="651"><subfield code="a">North Dakota.</subfield><subfield code="2">fast</subfield><subfield code="0">(OCoLC)fst01205582</subfield></datafield><datafield ind1=" " ind2="7" tag="651"><subfield code="a">North Dakota</subfield><subfield code="z">Lake Sakakawea.</subfield><subfield code="2">fast</subfield><subfield code="0">(OCoLC)fst01334588</subfield></datafield><datafield ind1=" " ind2="7" tag="651"><subfield code="a">South Dakota.</subfield><subfield code="2">fast</subfield><subfield code="0">(OCoLC)fst01204322</subfield></datafield><datafield ind1=" " ind2="7" tag="651"><subfield code="a">South Dakota</subfield><subfield code="z">Lake Francis Case.</subfield><subfield code="2">fast</subfield><subfield code="0">(OCoLC)fst01334012</subfield></datafield><datafield ind1=" " ind2="7" tag="651"><subfield code="a">South Dakota</subfield><subfield code="z">Lake Sharpe.</subfield><subfield code="2">fast</subfield><subfield code="0">(OCoLC)fst01333668</subfield></datafield><datafield ind1=" " ind2="7" tag="651"><subfield code="a">South Dakota</subfield><subfield code="z">Minnehaha County.</subfield><subfield code="2">fast</subfield><subfield code="0">(OCoLC)fst01212332</subfield></datafield><datafield ind1=" " ind2="7" tag="651"><subfield code="a">South Dakota</subfield><subfield code="z">Sioux Falls.</subfield><subfield code="2">fast</subfield><subfield code="0">(OCoLC)fst01211505</subfield></datafield><datafield ind1=" " ind2="7" tag="651"><subfield code="a">United States</subfield><subfield code="z">Lake Oahe.</subfield><subfield code="2">fast</subfield><subfield code="0">(OCoLC)fst01334587</subfield></datafield><datafield ind1=" " ind2="7" tag="651"><subfield code="a">United States</subfield><subfield code="z">Lewis and Clark Lake.</subfield><subfield code="2">fast</subfield><subfield code="0">(OCoLC)fst01310647</subfield></datafield><datafield ind1=" " ind2=" " tag="752"><subfield code="a">United States</subfield><subfield code="b">South Dakota</subfield><subfield code="c">Minnehaha</subfield><subfield code="d">Sioux Falls.</subfield></datafield><datafield ind1="0" ind2="5" tag="780"><subfield code="t">Jerry Nygaard's Great Lakes of the Dakota tabloid (Vermillion, S.D. : 1973)</subfield><subfield code="w">(DLC)sn 98062818</subfield></datafield><datafield ind1="0" ind2="5" tag="780"><subfield code="t">Jerry Nygaard's Dakota scene</subfield><subfield code="w">(DLC)sn 89074997</subfield></datafield></record>